@book{Scrum,
author = "Jeff Sutherland",
title = "Scrum Handbook",
year = "2005",
publisher = "Scrum Training Institute Press"
}

@article{Boehm,
author = "Barry W. Boehm",
title = "A Spiral Model of Software Development and Enhancement",
year = "1988",
journal = "Computer 21.5 (1988): 61-72"
}

@misc{learnopengl,
  title = {pipeline},
  howpublished = {\url{http://learnopengl.com}},
  note = {Accessed: 2018-12-16}
}